@misc{nakamoto_bitcoin_paper,
    author = {Satoshi Nakamoto},
    title = {Bitcoin: A peer-to-peer electronic cash system,‚Äù http://bitcoin.org/bitcoin.pdf},
    note = "SHA256: b1674191a88ec5cdd733e4240a81803105dc412d6c6708d53ab94fc248f4f553",
    year = {2009}
}
@misc{triple-entry-accounting,
    author = "Ian Grigg",
    title = "Triple Entry Accounting",
    year = 2005,
    note = "Revision 1.7 \url{http://iang.org/papers/triple_entry.html}",
}
@misc{inflation-proofing-via-fraud-notices,
    author = "Peter Todd",
    title = "Inflation-proofing via fraud notices",
    year = 2013,
    note = "\url{https://bitcointalk.org/index.php?topic=137933.0}",
}
@misc{mike-hearn-distributed-markets,
    author = "Mike Hearn",
    title = "Distributed markets",
    year = 2012,
    note = "Accessed 2013-10-11, \url{https://en.bitcoin.it/wiki/Distributed_markets}",
}
@misc{peter-todd-fidelity-bonds,
    author = "Peter Todd",
    title = "Fidelity Bonds",
    year = 2013,
    note = "\url{https://github.com/petertodd/trustbits/blob/27cbbdaa2f491f2ac6adb7d2282fdaa1e965fb05/fidelitybond.md#contract-blockchain-transactions}",
}
@article{DBLP:journals/corr/abs-1212-3257,
  author    = {Ilja Gerhardt and
               Timo Hanke},
  title     = {Homomorphic Payment Addresses and the Pay-to-Contract Protocol},
  journal   = {CoRR},
  volume    = {abs/1212.3257},
  year      = {2012},
  ee        = {http://arxiv.org/abs/1212.3257},
  bibsource = {DBLP, http://dblp.uni-trier.de}
}
@misc{merkle-sum-tree,
    author = "Gregory Maxwell",
    note = "Private communication on IRC (Gregory: Do you have a write-up somewhere?) Andrew Miller probably has earlier credit for the idea as well.",
}
